<?xml version="1.0" encoding="UTF-8"?><record xmlns="http://www.loc.gov/MARC21/slim" xmlns:cinclude="http://apache.org/cocoon/include/1.0" xmlns:zs="http://www.loc.gov/zing/srw/">
  <leader>00483cz  a2200133n  4500</leader>
  <controlfield tag="001">nr 99039028 </controlfield>
  <controlfield tag="003">DLC</controlfield>
  <controlfield tag="005">20000202092101.0</controlfield>
  <controlfield tag="008">991210n| acannaabn          |a aaa     c</controlfield>
  <datafield tag="010" ind1=" " ind2=" ">
    <subfield code="a">nr 99039028 </subfield>
  </datafield>
  <datafield tag="040" ind1=" " ind2=" ">
    <subfield code="a">NIC-Mu</subfield>
    <subfield code="b">eng</subfield>
    <subfield code="c">NIC-Mu</subfield>
    <subfield code="d">DLC</subfield>
  </datafield>
  <datafield tag="100" ind1="1" ind2=" ">
    <subfield code="a">Whittaker, W. G.</subfield>
    <subfield code="q">(William Gillies),</subfield>
    <subfield code="d">1876-1944.</subfield>
    <subfield code="t">Songs of the northern roads</subfield>
  </datafield>
  <datafield tag="400" ind1="1" ind2=" ">
    <subfield code="a">Whittaker, W. G.</subfield>
    <subfield code="q">(William Gillies),</subfield>
    <subfield code="d">1876-1944.</subfield>
    <subfield code="t">Four songs of the northern roads</subfield>
  </datafield>
  <datafield tag="670" ind1=" " ind2=" ">
    <subfield code="a">Whittaker, W. Four songs of the northern roads, c1928.</subfield>
  </datafield>
</record>